<?xml version="1.0" encoding="UTF-8"?><collection xmlns="http://www.loc.gov/MARC21/slim"><record><leader>00427nam--2200157-i-4500</leader><controlfield tag="001">000019491</controlfield><controlfield tag="002">20161230</controlfield><controlfield tag="005">20170126235149</controlfield><controlfield tag="008">060222s1000------------r-----000-0-eng-d</controlfield><datafield ind1=" " ind2=" " tag="100"><subfield code="a">Epel, L. G</subfield></datafield><datafield ind1=" " ind2=" " tag="245"><subfield code="a">A soluble theoretical mopdel of the probable amount of material in an inventory</subfield></datafield><datafield ind1=" " ind2=" " tag="260"><subfield code="a">F. Loc</subfield><subfield code="b">F. Ed</subfield><subfield code="c">F. An</subfield></datafield><datafield ind1=" " ind2=" " tag="300"><subfield code="a">/-425-441/ p</subfield></datafield><datafield ind1=" " ind2=" " tag="700"><subfield code="a">Zucker, M. S</subfield></datafield><datafield ind1=" " ind2=" " tag="852"><subfield code="a">39662</subfield></datafield><datafield ind1=" " ind2=" " tag="CAT"><subfield code="a">SYS</subfield><subfield code="c">20170126</subfield><subfield code="h">235149</subfield></datafield></record></collection>